@article{PORSBKWFLMWWB2012PCS,
title = "{TECA: A Parallel Toolkit for Extreme Climate Analysis}",
journal = "Procedia Computer Science ",
volume = "9",
number = "0",
pages = "866--876",
year = "2012",
issn = "1877-0509",
doi = "http://dx.doi.org/10.1016/j.procs.2012.04.093",
author = "Prabhat and Oliver R\H{u}bel and Surendra Byna and Kesheng Wu and Fuyu Li and Michael Wehner and Wes Bethel",
}

@ARTICLE{HJPCPMPAU2013MWR,
   author = {{Johansen}, H. and {Colella}, P. and {McCorquodale}, P. and {Ullrich}, P.~A.},
    title = "{Adaptive fourth-order cubed-sphere discretization for non-hydrostatic atmosphere}",
 journal = {Monthly Weather Review},
    note = {To be submitted.},
    year = {2013}
}

@ARTICLE{PAUCJ2012MWR,
   author = {{Ullrich}, P.~A. and {Jablonowski}, C.},
    title = "{Operator-Split Runge-Kutta-Rosenbrock Methods for Nonhydrostatic Atmospheric Models}",
  journal = {Monthly Weather Review},
     year = 2012,
    month = apr,
   volume = 140,
    pages = {1257-1284},
      doi = {10.1175/MWR-D-10-05073.1}
}

@ARTICLE{PAUCJ2012JCP,
   author = {{Ullrich}, P.~A. and {Jablonowski}, C.},
    title = "{MCore:  A Non-hydrostatic Atmospheric Dynamical Core Utilizing High-Order Finite-Volume Methods}",
  journal = {Journal of Computational Physics},
  volume = 231,
   issue = 15,
    pages = {5078-5108},
     year = 2012,
      doi = {10.1016/j.jcp.2012.04.024}
}

@ARTICLE{PAUCJBVL2010JCP,
   author = {{Ullrich}, P.~A. and {Jablonowski}, C. and {van Leer}, B.},
    title = "{High-order finite-volume methods for the shallow-water equations on the sphere}",
  journal = {Journal of Computational Physics},
     year = 2010,
    month = aug,
   volume = 229,
    pages = {6104-6134},
      doi = {10.1016/j.jcp.2010.04.044}
}

@ARTICLE{PAUTMCJAS2013QJRMS,
  author={Ullrich, P.A. and T. Melvin and C. Jablonowski and A. Staniforth},
  year={2013},
  title="{A baroclinic wave test case for deep- and shallow-atmosphere dynamical cores}",
  journal={Quarterly Journal of the Royal Meteorological Society},
  note={Revised May 2013}
}

@TECHREPORT{NCAR2009STRATEGY,
  author = {NCAR},
  title = "{National Center for Atmospheric Research 2009-2014 Strategic Plan}",
  year = {2009},
  note = {[Online] \url{http://ncar.ucar.edu/documents/strategic-plan/2009}}
}

@ARTICLE{kalnay1996ncep,
  title="{The NCEP/NCAR 40-year reanalysis project}",
  author = {{Kalnay}, E. and {Kanamitsu}, M. and {Kistler}, R. and {Collins}, W. and 
	{Deaven}, D. and {Gandin}, L. and {Iredell}, M. and {Saha}, S. and 
	{White}, G. and {Woollen}, J. and {Zhu}, Y. and {Leetmaa}, A. and 
	{Reynolds}, B. and {Chelliah}, M. and {Ebisuzaki}, W. and {Higgins}, W. and 
	{Janowiak}, J. and {Mo}, K.~C. and {Ropelewski}, C. and {Wang}, J. and 
	{Jenne}, R. and {Joseph}, D.},
  journal={Bulletin of the American Meteorological Society},
  volume={77},
  number={3},
  pages={437--471},
  year={1996}
}

@article{lupo1997climatological,
  title="{Climatological features of blocking anticyclones: A study of Northern Hemisphere CCM1 model blocking events in present-day and double CO2 concentration atmospheres}",
  author={Lupo, AR and Oglesby, RJ and Mokhov, II},
  journal={Climate Dynamics},
  volume={13},
  number={3},
  pages={181--195},
  year={1997},
  publisher={Springer}
}

@ARTICLE{IPCCEX,
  title="{Special Report on Managing the Risks of Extreme Events and Disasters to Advance Climate Change Adaptation (SREX)}",
  author={Field, C.B. and Barros, V. and Stocker, T.F. and Dahe, Q. and Dokken, D.J. and Ebi, K.L. and Mastrandrea, M.D. and Mach, K.J. and Plattner, G.-K. and Allen, S.K. and Tignor, M. and Midgley, P.M.},
  journal={Special Report of the Intergovernmental Panel on Climate Change},
  year={2011},
  note={582 pp.},
  publisher={New York and Cambridge: Cambridge University Press}
}

@article{wiedenmann2002climatology,
  title="{The climatology of blocking anticyclones for the Northern and Southern Hemispheres: Block intensity as a diagnostic}",
  author={Wiedenmann, Jason M and Lupo, Anthony R and Mokhov, Igor I and Tikhonova, Elena A},
  journal={Journal of Climate},
  volume={15},
  number={23},
  pages={3459--3473},
  year={2002}
}

@article{tibaldi1990operational,
  title="{On the operational predictability of blocking}",
  author={Tibaldi, Stefano and Molteni, Franco},
  journal={Tellus A},
  volume={42},
  number={3},
  pages={343--365},
  year={1990},
  publisher={Wiley Online Library}
}

@article{pelly2003new,
  title="{A new perspective on blocking}",
  author={Pelly, Jo L and Hoskins, Brian J},
  journal={Journal of the Atmospheric Sciences},
  volume={60},
  number={5},
  pages={743--755},
  year={2003}
}

@article{scherrer2006two,
  title="{Two-dimensional indices of atmospheric blocking and their statistical relationship with winter climate patterns in the Euro-Atlantic region}",
  author={Scherrer, Simon C and Croci-Maspoli, Mischa and Schwierz, Cornelia and Appenzeller, Christof},
  journal={International Journal of Climatology},
  volume={26},
  number={2},
  pages={233--249},
  year={2006},
  publisher={Wiley Online Library}
}

@article{dole2011grl,
author = {Dole, Randall and Hoerling, Martin and Perlwitz, Judith and Eischeid, Jon and Pegion, Philip and Zhang, Tao and Quan, Xiao-Wei and Xu, Taiyi and Murray, Donald},
title = "{Was there a basis for anticipating the 2010 Russian heat wave?}",
journal = {Geophysical Research Letters},
volume = {38},
number = {6},
issn = {1944-8007},
doi = {10.1029/2010GL046582},
year = {2011},
}

@article{beniston20042003,
  title="{The 2003 heat wave as an example of summers in a greenhouse climate? Observations and climate model simulations for Basel, Switzerland}",
  author={Beniston, Martin and Diaz, Henry F},
  journal={Global and Planetary Change},
  volume={44},
  number={1},
  pages={73--81},
  year={2004},
  publisher={Elsevier}
}

@book{benzi1986anomalous,
  title="{Anomalous atmospheric flows and blocking}",
  author={Benzi, Roberto and Wiin-Nielson, AC},
  year={1986},
  publisher={Academic Press, Inc., Orlando, FL}
}

@TECHREPORT{RBNetal2010NCAR,
  author    = {R. B. Neale and C.-C. Chen and A. Gettelman and P. H. Lauritzen and S. Park and
  D. L. Williamson and A. J. Conley and R. Garcia and D. Kinnison and J.-F. Lamarque and D. Marsh and
  M. Mills and A. K. Smith and S. Tilmes and F. Vitt and P. Cameron-Smith and
  W. D. Collins and M. J. Iacono and  and R. C. Easter and X. Liu and S. J. Ghan and P. J. Rasch and M. A. Taylor},
  title     = {Description of the {NCAR} {C}ommunity {A}tmosphere {M}odel ({CAM} 5.0)},
  institution = {National Center for Atmospheric Research},
  year      = {2010},
  type      = {NCAR Technical Note},
  number    = {NCAR/TN-486+STR},
  address   = {Boulder, Colorado},
  note      = {Available from http://www.cesm.ucar.edu/models/cesm1.0/cam/}
}

@article{wang2006climatology,
  title="{Climatology and changes of extratropical cyclone activity: Comparison of ERA-40 with NCEP-NCAR reanalysis for 1958-2001}",
  author={Wang, Xiaolan L and Swail, Val R and Zwiers, Francis W},
  journal={Journal of Climate},
  volume={19},
  number={13},
  pages={3145--3166},
  year={2006}
}

@article{simmons2007era,
  title="{ERA-Interim: New ECMWF reanalysis products from 1989 onwards}",
  author={Simmons, Adrian and Uppala, Sakari and Dee, Dick and Kobayashi, Shinya},
  journal={ECMWF newsletter},
  volume={110},
  number={110},
  pages={25--35},
  year={2007}
}

@article{rienecker2011merra,
  title="{MERRA: NASA's modern-era retrospective analysis for research and applications}",
  author = {{Rienecker}, M.~M. and {Suarez}, M.~J. and {Gelaro}, R. and 
	{Todling}, R. and {Bacmeister}, J. and {Liu}, E. and {Bosilovich}, M.~G. and 
	{Schubert}, S.~D. and {Takacs}, L. and {Kim}, G.-K. and {Bloom}, S. and 
	{Chen}, J. and {Collins}, D. and {Conaty}, A. and {da Silva}, A. and 
	{Gu}, W. and {Joiner}, J. and {Koster}, R.~D. and {Lucchesi}, R. and 
	{Molod}, A. and {Owens}, T. and {Pawson}, S. and {Pegion}, P. and 
	{Redder}, C.~R. and {Reichle}, R. and {Robertson}, F.~R. and 
	{Ruddick}, A.~G. and {Sienkiewicz}, M. and {Woollen}, J.},
  journal={Journal of Climate},
  volume={24},
  number={14},
  pages={3624--3648},
  year={2011}
}

@article{compo2011twentieth,
  title="{The twentieth century reanalysis project}",
  author = {Compo, G. P. and Whitaker, J. S. and Sardeshmukh, P. D. and Matsui, N. and Allan, R. J. and Yin, X. and Gleason, B. E. and Vose, R. S. and Rutledge, G. and Bessemoulin, P. and Br�nnimann, S. and Brunet, M. and Crouthamel, R. I. and Grant, A. N. and Groisman, P. Y. and Jones, P. D. and Kruk, M. C. and Kruger, A. C. and Marshall, G. J. and Maugeri, M. and Mok, H. Y. and Nordli, �. and Ross, T. F. and Trigo, R. M. and Wang, X. L. and Woodruff, S. D. and Worley, S. J.},
  journal={Quarterly Journal of the Royal Meteorological Society},
  volume={137},
  number={654},
  pages={1--28},
  year={2011},
  publisher={Wiley Online Library}
}

@article{uppala2005era,
  title="{The ERA-40 re-analysis}",
  author = {Uppala, S. M. and K�llberg, P. W. and Simmons, A. J. and Andrae, U. and Bechtold, V. Da Costa and Fiorino, M. and Gibson, J. K. and Haseler, J. and Hernandez, A. and Kelly, G. A. and Li, X. and Onogi, K. and Saarinen, S. and Sokka, N. and Allan, R. P. and Andersson, E. and Arpe, K. and Balmaseda, M. A. and Beljaars, A. C. M. and Berg, L. Van De and Bidlot, J. and Bormann, N. and Caires, S. and Chevallier, F. and Dethof, A. and Dragosavac, M. and Fisher, M. and Fuentes, M. and Hagemann, S. and H�lm, E. and Hoskins, B. J. and Isaksen, L. and Janssen, P. A. E. M. and Jenne, R. and Mcnally, A. P. and Mahfouf, J.-F. and Morcrette, J.-J. and Rayner, N. A. and Saunders, R. W. and Simon, P. and Sterl, A. and Trenberth, K. E. and Untch, A. and Vasiljevic, D. and Viterbo, P. and Woollen, J.},
  journal={Quarterly Journal of the Royal Meteorological Society},
  volume={131},
  number={612},
  pages={2961--3012},
  year={2005},
  publisher={Wiley Online Library}
}

@article{ulbrich2009extra,
  title="{Extra-tropical cyclones in the present and future climate: A review}",
  author={Ulbrich, U and Leckebusch, GC and Pinto, JG},
  journal={Theoretical and Applied Climatology},
  volume={96},
  number={1-2},
  pages={117--131},
  year={2009},
  publisher={Springer}
}

@article{bengtsson2006storm,
  title="{Storm tracks and climate change}",
  author={Bengtsson, Lennart and Hodges, Kevin I and Roeckner, Erich},
  journal={Journal of Climate},
  volume={19},
  number={15},
  pages={3518--3543},
  year={2006}
}

@article{bengtsson2009will,
  title="{Will extratropical storms intensify in a warmer climate?}",
  author={Bengtsson, Lennart and Hodges, Kevin I and Keenlyside, Noel},
  journal={Journal of Climate},
  volume={22},
  number={9},
  pages={2276--2301},
  year={2009}
}

@article{zappa2013multi,
  title="{A multi-model assessment of future projections of North Atlantic and European extratropical cyclones in the CMIP5 climate models}",
  author={Zappa, Giuseppe and Shaffrey, Len C and Hodges, Kevin I and Sansom, Phil G and Stephenson, David B},
  journal={Journal of Climate},
  year={2013},
  note={In press}
}

@article{serreze1995climatological,
  title="{Climatological aspects of cyclone development and decay in the Arctic}",
  author={Serreze, Mark C},
  journal={Atmosphere-Ocean},
  volume={33},
  number={1},
  pages={1--23},
  year={1995},
  publisher={Taylor \& Francis}
}

@article{raible2008northern,
  title="{Northern Hemisphere extratropical cyclones: A comparison of detection and tracking methods and different reanalyses}",
  author={Raible, CC and Della-Marta, PM and Schwierz, C and Wernli, H and Blender, R},
  journal={Monthly Weather Review},
  volume={136},
  number={3},
  pages={880--897},
  year={2008}
}

@article{JPWCJJKRBR2013QJRMS,
  author={Whitehead, J. P. and C. Jablonowski and J. Kent and R. B. Rood},
  journal={Quarterly Journal of the Royal Meteorological Society.},
  year={2013},
  note={Under review},
  title="{Potential vorticity: A diagnostic tool for general circulation models}"
}

@article{della2007summer,
  title="{Summer heat waves over western Europe 1880--2003, their relationship to large-scale forcings and predictability}",
  author={Della-Marta, PM and Luterbacher, J and Von Weissenfluh, H and Xoplaki, E and Brunet, M and Wanner, H},
  journal={Climate Dynamics},
  volume={29},
  number={2-3},
  pages={251--275},
  year={2007},
  publisher={Springer}
}

@article{frich2002observed,
  title="{Observed coherent changes in climatic extremes during the second half of the twentieth century}",
  author={Frich, P and Alexander, LV and Della-Marta, P and Gleason, B and Haylock, M and Klein Tank, AM and Peterson, T},
  journal={Climate Research},
  volume={19},
  number={3},
  pages={193--212},
  year={2002},
  publisher={INTER-RESEARCH NORDBUNTE 23, D-21385 OLDENDORF LUHE, GERMANY}
}

@article{li2013hurricanes,
  title="{Hurricanes in an aquaplanet world: Implications of the impacts of external forcing and model horizontal resolution}",
  author={Li, Fuyu and Collins, William D and Wehner, Michael F and Leung, L Ruby},
  journal={Journal of Advances in Modeling Earth Systems},
  year={2013},
  publisher={Wiley Online Library},
  note={In press}
}

@article{hart2001climatology,
  title="{A climatology of the extratropical transition of Atlantic tropical cyclones}",
  author={Hart, Robert E and Evans, Jenni L},
  journal={Journal of Climate},
  volume={14},
  number={4},
  pages={546--564},
  year={2001}
}

@article{bouchama20042003,
  title="{The 2003 European heat wave}",
  author={Bouchama, Abderrezak},
  journal={Intensive Care Medicine},
  volume={30},
  number={1},
  pages={1--3},
  year={2004},
  publisher={Springer}
}

@misc{upi2013article,
  title="{At least 650 dead in long-running British heat wave}",
  author="United Press International, Inc.",
  note="[Online] http://www.upi.com/Top\_News/World-News/2013/07/19/At-least-650-dead-in-long-running-British-heat-wave/UPI-58311374263862/, July 19, 2013",
  year={2013}
}

@article{reed2011analytic,
  title="{An analytic vortex initialization technique for idealized tropical cyclone studies in AGCMs}",
  author={Reed, Kevin A and Jablonowski, Christiane},
  journal={Monthly Weather Review},
  volume={139},
  number={2},
  pages={689--710},
  year={2011}
}

@article{lauritzen2010rotated,
  title="{Rotated versions of the Jablonowski steady-state and baroclinic wave test cases: A dynamical core intercomparison}",
  author={Lauritzen, Peter H and Jablonowski, Christiane and Taylor, Mark A and Nair, Ramachandran D},
  journal={Journal of Advances in Modeling Earth Systems},
  volume={2},
  number={4},
  year={2010},
  publisher={Wiley Online Library}
}

@article{kent2013dcmip,
  author={Kent, J. and P.A. Ullrich and C. Jablonowski},
  year={2013},
  title="{Dynamical Core Model Intercomparison Project: Tracer transport test cases}",
  journal={Quarterly Journal of the Royal Meteorological Society.},
  note={In press, June 2013}
}

@article{nisbet2009communicating,
  title="{Communicating climate change: Why frames matter for public engagement}",
  author={Nisbet, Matthew C},
  journal={Environment: Science and Policy for Sustainable Development},
  volume={51},
  number={2},
  pages={12--23},
  year={2009},
  publisher={Taylor \& Francis}
}

@article{levy2012bigdata,
  title="{Climate science triggers torrent of big data challenges}",
  author={Dawn Levy},
  year={2012},
  institution={HPCwire},
  note={[Online] \url{http://www.hpcwire.com/hpcwire/2012-08-15/climate\_science\_triggers\_torrent\_of\_big\_data\_challenges.html}}
}

@inproceedings{ganguly2008data,
  title="{Data mining for climate change and impacts}",
  author={Ganguly, Auroop R and Steinhaeuser, Karsten},
  booktitle={Data Mining Workshops, 2008. ICDMW'08. IEEE International Conference on},
  pages={385--394},
  year={2008},
  organization={IEEE}
}

@article{rushing2005adam,
  title="{ADaM: a data mining toolkit for scientists and engineers}",
  author={Rushing, John and Ramachandran, Rahul and Nair, Udaysankar and Graves, Sara and Welch, Ron and Lin, Hong},
  journal={Computers \& Geosciences},
  volume={31},
  number={5},
  pages={607--618},
  year={2005},
  publisher={Elsevier}
}

@misc{freeling2013onlinecurriculum,
  title="{UC proposes plan to grow online curriculum}",
  author={Nicole Freeling},
  year={2013},
  note={[Online] \url{http://www.universityofcalifornia.edu/news/article/29476}, May 14, 2013}
}

@article{dennis2012cam,
  title="{CAM-SE: A scalable spectral element dynamical core for the Community Atmosphere Model}",
  author={Dennis, John M and Edwards, Jim and Evans, Katherine J and Guba, Oksana and Lauritzen, Peter H and Mirin, Arthur A and St-Cyr, Amik and Taylor, Mark A and Worley, Patrick H},
  journal={International Journal of High Performance Computing Applications},
  volume={26},
  number={1},
  pages={74--89},
  year={2012},
  publisher={SAGE Publications}
}

@misc{mikkelsen2005patent,
  author={Mikkelsen, S. and T. Mann and P. Ertl and L. O'Hagan and D. Sparkes and P.~A. Ullrich},
  year={2005},
  title="{Electrochemical Assay for the Identication of Microorganisms}",
  note={European Patent CA2549658}
}

@article{jun2008spatial,
  title="{Spatial analysis to quantify numerical model bias and dependence: How many climate models are there?}",
  author={Jun, Mikyoung and Knutti, Reto and Nychka, Douglas W},
  journal={Journal of the American Statistical Association},
  volume={103},
  number={483},
  pages={934--947},
  year={2008},
  publisher={Taylor \& Francis}
}

@article{dandrea1998northern,
  title="{Northern Hemisphere atmospheric blocking as simulated by 15 atmospheric general circulation models in the period 1979--1988}",
  author={D'Andrea, F. and Tibaldi, S. and Blackburn, M. and Boer, G. and D{\'e}qu{\'e}, M. and Dix, M. R. and Dugas, B. and Ferranti, L. and Iwasaki, T. and Kitoh, A. and Pope, V. and Randall, D. and Roeckner, E. and Strauss, D. and Stern, W. and Van den Dool, H. and Williamson, D.},
  journal={Climate Dynamics},
  volume={14},
  number={6},
  pages={385--407},
  year={1998},
  publisher={Springer}
}

@article{stott2004human,
  title="{Human contribution to the European heatwave of 2003}",
  author={Stott, Peter A and Stone, D{\'a}ith{\'\i} A and Allen, Myles R},
  journal={Nature},
  volume={432},
  number={7017},
  pages={610--614},
  year={2004},
  publisher={Nature Publishing Group}
}

@article{pall2011anthropogenic,
  title="{Anthropogenic greenhouse gas contribution to flood risk in England and Wales in autumn 2000}",
  author={Pall, Pardeep and Aina, Tolu and Stone, Daithi A and Stott, Peter A and Nozawa, Toru and Hilberts, Arno GJ and Lohmann, Dag and Allen, Myles R},
  journal={Nature},
  volume={470},
  number={7334},
  pages={382--385},
  year={2011},
  publisher={Nature Publishing Group}
}

@book{archer2007global,
  title="{Global warming: Understanding the forecast}",
  author={Archer, David},
  year={2007},
  publisher={Cambridge Univ Press},
  note={288 pp.}
}

@misc{haby2008blocking,
  title={Atmospheric blocking},
  author={Jeff Haby},
  year={2008},
  note={[Online] http://www.theweatherprediction.com/blocking/}
}

@article{wernli2006surface,
  title="{Surface cyclones in the ERA-40 dataset (1958-2001). Part I: Novel identification method and global climatology}",
  author={Wernli, Heini and Schwierz, Cornelia},
  journal={Journal of the Atmospheric Sciences},
  volume={63},
  number={10},
  pages={2486--2507},
  year={2006}
}

@article{simmonds2000variability,
  title="{Variability of Southern Hemisphere extratropical cyclone behavior, 1958-97}",
  author={Simmonds, Ian and Keay, Kevin},
  journal={Journal of Climate},
  volume={13},
  number={3},
  pages={550--561},
  year={2000}
}

@article{hodges2003comparison,
  title="{A comparison of recent reanalysis datasets using objective feature tracking: Storm tracks and tropical easterly waves}",
  author={Hodges, Kevin Ivan and Hoskins, Brian John and Boyle, J and Thorncroft, C},
  journal={Monthly Weather Review},
  volume={131},
  number={9},
  pages={2012--2037},
  year={2003}
  
  @ARTICLE{Pielke1998,
   author = {{Pielke}, Jr., R.~A. and {Landsea}, C.~W.},
    title = "{Normalized hurricane damages in the United States: 1925-95}",
  journal = {Wea. Forecasting},
     year = 1998,
    month = sep,
   volume = 13,
    pages = {621-631},
      doi = {10.1175/1520-0434(1998)013$<$0621:NHDITU$>$2.0.CO;2}}
      
      @ARTICLE{Camargo2013,
   author = {{Camargo}, S.~J.},
    title = "{Global and Regional Aspects of Tropical Cyclone Activity in the CMIP5 Models}",
  journal = {Journal of Climate},
     year = 2013,
    month = dec,
   volume = 26,
    pages = {9880-9902},
      doi = {10.1175/JCLI-D-12-00549.1}}
      @ARTICLE{Reed2012b,
   author = {{Reed}, K.~A. and {Jablonowski}, C. and {Taylor}, M.~A.},
    title = "{Tropical cyclones in the spectral element configuration of the Community Atmosphere Model}",
  journal = {Atmos. Sci. Lett.},
     year = 2012,
    month = oct,
   volume = 13,
    pages = {303-310},
      doi = {10.1002/asl.399}}

@ARTICLE{Reed2012a,
	Author = {{Reed}, K.~A.. and {Jablonowski}, C.},
	Title = "{Idealized tropical cyclone simulations of intermediate complexity: A test case for {AGCM}s}",
	Doi = {10.1029/2011MS000099},
	Journal = {J. Adv. Model. Earth Syst.},
	eid = {M04001},
	Volume = 4,
	Year = 2012}

@ARTICLE{Reed2011c,
	Author = {{Reed}, K.~A.. and {Jablonowski}, C.},
	Title = {Assessing the Uncertainty of Tropical Cyclone Simulations in {NCAR}'s Community Atmosphere Model},
	Doi = {10.1029/2011MS000076},
	Journal = {J. Adv. Model. Earth Syst.},
	Pages = {M08002},
	Volume = 3,
	Year = {2011}}

@ARTICLE{Reed2011b,
	Author = {{Reed}, K.~A.. and {Jablonowski}, C.},
	Title = {Impact of physical parameterizations on idealized tropical cyclones in the Community Atmosphere Model},
    Doi = {10.1029/2010GL046297},
	Journal = {Geophys. Res. Lett.},
	Pages = {L04805},
	Volume = 38,
	Year = 2011}
	
@ARTICLE{Reed2011a,
	Author = {{Reed}, K.~A.. and {Jablonowski}, C.},
	Title = {An Analytic Vortex Initialization Technique for Idealized Tropical Cyclone Studies in {AGCMs}},
	Doi = {10.1175/2010MWR3488.1},
    Journal = {Mon. Wea. Rev.},
	Pages = {689--710},
	Volume = 139,
	Year = {2011}}
	
	@ARTICLE{Wehner2014,
	Author = { {Wehner}, M.~F.  and {Reed}, K.~A. and {Li}, F. and {Prabhat} and {Bacmeister}, J.~T. and {Chen}, C.-T. and {Paciorek}, C. and {Gleckler}, P. J. and {Sperber}, K. R. and {Collins}, W.~D. and {Gettelman}, A. and {Jablonowski}, C.},
	Journal = {J. Adv. Model. Earth Syst.},
	Title = {The effect of horizontal resolution on simulation quality in the {C}ommunity {A}tmospheric {M}odel, {CAM}5.1},
	Year = {2014},
	doi = {10.1002/2013MS000276}}
	
@unpublished{Reed2014,
	Author = { {Reed}, K.~A. and {Medeiros}, B. and {Bacmeister}, J.~T. and {Lauritzen}, P.~H.},
	Note = {{J. Atmos. Sci.}, in review},
	Title = {Global Radiative-Convective Equilibrium in the Community Atmosphere Model 5,
	Year = {2014}}	
      
}
